<record xmlns='http://www.loc.gov/MARC21/slim'><leader>01690ntm a2200337Ii 4500</leader><controlfield tag='001'>991058301964906011</controlfield><controlfield tag='005'>20220506123649.0</controlfield><controlfield tag='008'>220506s1635    enk           000 0 eng d</controlfield><datafield ind1=' ' ind2=' ' tag='035'><subfield code='a'>(OCoLC)1314385741h</subfield></datafield><datafield ind1=' ' ind2=' ' tag='035'><subfield code='a'>(OCoLC)on1314385741h</subfield></datafield><datafield ind1=' ' ind2=' ' tag='040'><subfield code='a'>HRH</subfield><subfield code='b'>eng</subfield><subfield code='e'>dcrmmss</subfield><subfield code='c'>HRH</subfield></datafield><datafield ind1=' ' ind2=' ' tag='041'><subfield code='a'>eng</subfield></datafield><datafield ind1=' ' ind2=' ' tag='049'><subfield code='a'>HRHH</subfield></datafield><datafield ind1=' ' ind2='9' tag='099'><subfield code='a'>MS 3327, Container 66</subfield></datafield><datafield ind1='0' ind2='2' tag='245'><subfield code='a'>A carrier to a kinge and three poems by Francis Quarles :</subfield><subfield code='k'>manuscript.</subfield></datafield><datafield ind1=' ' ind2='0' tag='264'><subfield code='a'>England ;</subfield><subfield code='c'>1635</subfield></datafield><datafield ind1=' ' ind2=' ' tag='300'><subfield code='a'>150 leaves :</subfield><subfield code='b'>paper,</subfield><subfield code='c'>12 x 7 cm</subfield></datafield><datafield ind1=' ' ind2=' ' tag='336'><subfield code='a'>text</subfield><subfield code='b'>txt</subfield><subfield code='2'>rdacontent</subfield></datafield><datafield ind1=' ' ind2=' ' tag='337'><subfield code='a'>unmediated</subfield><subfield code='b'>n</subfield><subfield code='2'>rdamedia</subfield></datafield><datafield ind1=' ' ind2=' ' tag='338'><subfield code='a'>volume</subfield><subfield code='b'>nc</subfield><subfield code='2'>rdacarrier</subfield></datafield><datafield ind1=' ' ind2=' ' tag='500'><subfield code='a'>Title devised by cataloger.</subfield></datafield><datafield ind1=' ' ind2=' ' tag='506'><subfield code='a'>Unrestricted, for either reading room or classroom use.</subfield></datafield><datafield ind1=' ' ind2=' ' tag='590'><subfield code='a'>MS 3327, Container 66: Early ownership marks, W. Lloyd his book and Wil Bingley (fol. 1r); Recusant Collection, A666. Binding (England 17th c): Full brown tanned calfskin over paper boards. Pulled-over caps, cut edges red spinkled. Gold-tooled double line border front and back covers; spine decoration indiscernible. Sewn endbands (color indeterminate). Sewn on three alum-tawed thongs laced on boards. Endleaf components: front off-white handmade laid paper (i) separate pastedown, (ii) outer hook sewn inserted fold making stub, free endleaf; back no endleaves, leaves of final gathering may be missing.</subfield></datafield><datafield ind1=' ' ind2='7' tag='655'><subfield code='a'>Poems.</subfield><subfield code='2'>rbgenr</subfield></datafield><datafield ind1='1' ind2=' ' tag='700'><subfield code='a'>Quarles, Francis,</subfield><subfield code='e'>contributor.</subfield></datafield><datafield ind1='1' ind2=' ' tag='790'><subfield code='a'>Lloyd, W.,</subfield><subfield code='e'>former owner.</subfield></datafield><datafield ind1='1' ind2=' ' tag='790'><subfield code='a'>Bingley, Wil,</subfield><subfield code='e'>former owner.</subfield></datafield><datafield ind1='2' ind2=' ' tag='791'><subfield code='a'>Recusant Collection.</subfield></datafield><datafield ind1='2' ind2=' ' tag='791'><subfield code='a'>Medieval and Early Modern Manuscripts Collection.</subfield></datafield><datafield ind1=' ' ind2=' ' tag='752'><subfield code='a'>England,</subfield><subfield code='e'>producation place.</subfield></datafield><datafield ind1=' ' ind2=' ' tag='994'><subfield code='a'>C0</subfield><subfield code='b'>HRH</subfield></datafield></record>
